<record><leader>00000cas a22000007a 4500</leader><controlfield tag="001">9355144</controlfield><controlfield tag="008">830329d1872188umauwr ne      0    0eng d</controlfield><controlfield tag="009">3768</controlfield><datafield ind1=" " ind2=" " tag="010"><subfield code="a">sn 83020447 </subfield></datafield><datafield ind1=" " ind2=" " tag="040"><subfield code="a">NPX</subfield><subfield code="b">eng</subfield><subfield code="c">NPX</subfield><subfield code="d">NPU</subfield><subfield code="d">DLC</subfield><subfield code="d">MGN</subfield><subfield code="d">CNW</subfield><subfield code="d">MGN</subfield><subfield code="d">OCLCQ</subfield></datafield><datafield ind1="1" ind2=" " tag="029"><subfield code="a">AU@</subfield><subfield code="b">000025792393</subfield></datafield><datafield ind1=" " ind2=" " tag="042"><subfield code="a">msc</subfield></datafield><datafield ind1=" " ind2=" " tag="043"><subfield code="a">n-us-ma</subfield></datafield><datafield ind1="0" ind2="0" tag="050"><subfield code="a">Newspaper 8160-X</subfield></datafield><datafield ind1="0" ind2=" " tag="130"><subfield code="a">Merrimac Valley visitor (Newburyport, Mass. : 1872)</subfield></datafield><datafield ind1="0" ind2="0" tag="245"><subfield code="a">Merrimac Valley visitor.</subfield></datafield><datafield ind1=" " ind2=" " tag="260"><subfield code="a">Newburyport, Mass. :</subfield><subfield code="b">George J.L. Colby &amp; Co.</subfield></datafield><datafield ind1=" " ind2=" " tag="300"><subfield code="a">v. ;</subfield><subfield code="c">62-69 cm.</subfield></datafield><datafield ind1=" " ind2=" " tag="310"><subfield code="a">Weekly</subfield></datafield><datafield ind1="0" ind2=" " tag="362"><subfield code="a">Vol. 1, no. 1 (Mar. 2, 1872)-</subfield></datafield><datafield ind1=" " ind2=" " tag="500"><subfield code="a">Publishers: Colby, Coombs &amp; Co., &lt;1874-1879&gt;.</subfield></datafield><datafield ind1=" " ind2=" " tag="500"><subfield code="a">Independent.</subfield></datafield><datafield ind1=" " ind2=" " tag="515"><subfield code="a">Issue for Jan 4, 1873 misdated Jan. 4, 1872.</subfield></datafield><datafield ind1=" " ind2="4" tag="651"><subfield code="a">Newburyport (Mass.)</subfield><subfield code="v">Newspapers.</subfield></datafield><datafield ind1=" " ind2=" " tag="752"><subfield code="a">United States</subfield><subfield code="b">Massachusetts</subfield><subfield code="c">Essex</subfield><subfield code="d">Newburyport.</subfield></datafield><datafield ind1="0" ind2="0" tag="785"><subfield code="t">Valley visitor (Newburyport, Mass.)</subfield><subfield code="w">(DLC)sn 94055868</subfield></datafield></record>